@article{food_waste,
title = {{Waste watcher, lo spreco di cibo in Italia vale ancora oltre 9 miliardi di euro l’anno}},
date={2023-02-06},
url = {\url{https://greenreport.it/news/economia-ecologica/waste-watcher-lo-spreco-di-cibo-in-italia-vale-ancora-oltre-9-miliardi-di-euro-lanno/}}
}

@incollection{covid,
  title={POLITICHE DI MOBILIT{\`A} E QUALIT{\`A} DELL’ARIA NELLE CITT{\`A} ITALIANE 2021: NEXT GENERATION ITALIA PER LA MOBILIT{\`A} SOSTENIBILE DEL FUTURO},
  author={Coppola, P and others},
  booktitle={POLITICHE DI MOBILIT{\`A} E QUALIT{\`A} DELL’ARIA NELLE CITT{\`A} ITALIANE 2021 NEXT GENERATION ITALIA PER LA MOBILIT{\`A} SOSTENIBILE DEL FUTURO},
  pages={71--75},
  year={2021},
  publisher={CNR-IIA}
}

@article{prox_ecom,
title = {{E–commerce di prossimità: il negozio di quartiere online}},
date={2023-04-23},
url = {\url{https://www.blog.shippypro.com/it/e-commerce-di-prossimita}}
}

